@article{musatti1924sui,
  title   = {Sui fenomeni stereocinetici},
  author  = {Musatti, Cesare L},
  journal = {Archivio italiano di psicologia},
  volume  = {3},
  pages   = {105--120},
  year    = {1924}
}

@article{domini20033,
  title     = {3-D structure perceived from dynamic information: A new theory},
  author    = {Domini, Fulvio and Caudek, Corrado},
  journal   = {Trends in Cognitive Sciences},
  volume    = {7},
  number    = {10},
  pages     = {444--449},
  year      = {2003},
  publisher = {Elsevier}
}

@article{proffitt1992stereokinetic,
  title     = {Stereokinetic effect and its relation to the kinetic depth effect.},
  author    = {Proffitt, Dennis R and Rock, Irvin and Hecht, Heiko and Schubert, Jim},
  journal   = {Journal of Experimental Psychology: Human Perception and Performance},
  volume    = {18},
  number    = {1},
  pages     = {3--21},
  year      = {1992},
  publisher = {American Psychological Association}
}

@article{caudek1993depth,
  title     = {Depth perception in motion parallax and stereokinesis.},
  author    = {Caudek, Corrado and Proffitt, Dennis R},
  journal   = {Journal of Experimental Psychology: Human Perception and Performance},
  volume    = {19},
  number    = {1},
  pages     = {32--47},
  year      = {1993},
  publisher = {American Psychological Association}
}

@manual{R-base,
  title        = {R: A Language and Environment for Statistical Computing},
  author       = {{R Core Team}},
  organization = {R Foundation for Statistical Computing},
  address      = {Vienna, Austria},
  year         = {2024},
  url          = {https://www.R-project.org/}
}
@manual{R-papaja,
  title  = {{papaja}: {Prepare} reproducible {APA} journal articles with {R Markdown}},
  author = {Frederik Aust and Marius Barth},
  year   = {2023},
  note   = {R package version 0.1.2},
  url    = {https://github.com/crsh/papaja}
}
@manual{R-tinylabels,
  title  = {{tinylabels}: Lightweight Variable Labels},
  author = {Marius Barth},
  year   = {2023},
  note   = {R package version 0.2.4},
  url    = {https://cran.r-project.org/package=tinylabels}
}
